<?xml version="1.0" encoding="UTF-8"?><record xmlns="http://www.loc.gov/MARC21/slim" xmlns:cinclude="http://apache.org/cocoon/include/1.0" xmlns:zs="http://www.loc.gov/zing/srw/">
  <leader>01228cz  a2200253n  4500</leader>
  <controlfield tag="001">no2008163081</controlfield>
  <controlfield tag="003">DLC</controlfield>
  <controlfield tag="005">20141030073846.0</controlfield>
  <controlfield tag="008">081104n| azannaabn          |a aaa     c</controlfield>
  <datafield tag="010" ind1=" " ind2=" ">
    <subfield code="a">no2008163081</subfield>
  </datafield>
  <datafield tag="035" ind1=" " ind2=" ">
    <subfield code="a">(OCoLC)oca07927391</subfield>
  </datafield>
  <datafield tag="040" ind1=" " ind2=" ">
    <subfield code="a">MoSU-L</subfield>
    <subfield code="b">eng</subfield>
    <subfield code="c">MoSU-L</subfield>
    <subfield code="e">rda</subfield>
    <subfield code="d">P</subfield>
  </datafield>
  <datafield tag="046" ind1=" " ind2=" ">
    <subfield code="f">18200629</subfield>
    <subfield code="g">18791206</subfield>
  </datafield>
  <datafield tag="100" ind1="1" ind2=" ">
    <subfield code="a">Ketchum, Winthrop Welles,</subfield>
    <subfield code="d">1820-1879</subfield>
  </datafield>
  <datafield tag="373" ind1=" " ind2=" ">
    <subfield code="a">United States. Congress. House</subfield>
    <subfield code="2">naf</subfield>
  </datafield>
  <datafield tag="374" ind1=" " ind2=" ">
    <subfield code="a">Legislators</subfield>
    <subfield code="2">lcsh</subfield>
  </datafield>
  <datafield tag="378" ind1=" " ind2=" ">
    <subfield code="q">Winthrop Welles</subfield>
  </datafield>
  <datafield tag="400" ind1="1" ind2=" ">
    <subfield code="a">Ketcham,</subfield>
    <subfield code="c">Mr.</subfield>
    <subfield code="q">(Winthrop Welles),</subfield>
    <subfield code="d">1820-1879</subfield>
  </datafield>
  <datafield tag="400" ind1="1" ind2=" ">
    <subfield code="a">Ketcham, W. W.</subfield>
    <subfield code="q">(Winthrop Welles),</subfield>
    <subfield code="d">1820-1879</subfield>
  </datafield>
  <datafield tag="670" ind1=" " ind2=" ">
    <subfield code="a">Heirs of William Stevens, 1876:</subfield>
    <subfield code="b">p. 1 (Mr. Ketcham, from the Committee on Private Land Claims)</subfield>
  </datafield>
  <datafield tag="670" ind1=" " ind2=" ">
    <subfield code="a">John A. Sutter, 1876:</subfield>
    <subfield code="b">p. 1 (Mr. Ketcham, from the Committee on Private Land-Claims)</subfield>
  </datafield>
  <datafield tag="670" ind1=" " ind2=" ">
    <subfield code="a">Biog. dir. of the U.S. Cong. online, viewed Nov. 4, 2008</subfield>
    <subfield code="b">(Ketchum, Winthrop Welles, a Representative from Penn.; b. June 29, 1820; d. Dec. 6, 1879; served in Cong., Mar. 4, 1875-July 19, 1876)</subfield>
  </datafield>
  <datafield tag="670" ind1=" " ind2=" ">
    <subfield code="a">WwW in Am.</subfield>
    <subfield code="b">(Ketchum, Winthrop Welles, congressman; b. June 29, 1820; d. Dec. 6, 1879)</subfield>
  </datafield>
  <datafield tag="670" ind1=" " ind2=" ">
    <subfield code="a">Speech of Hon. W.W. Ketcham delivered in the Senate of Pennsylvania, 1861:</subfield>
    <subfield code="b">t.p. (Hon. W.W. Ketcham)</subfield>
  </datafield>
</record>